

@misc{Eagen,
      author = {Liam Eagen},
      title = {{Zero Knowledge Proofs of Elliptic Curve Inner Products from Principal Divisors and Weil Reciprocity}},
      howpublished = {Cryptology {ePrint} Archive, Paper 2022/596},
      year = {2022},
      url = {https://eprint.iacr.org/2022/596}
}

@misc{Kayaba,
  author = {Luke ``Kayaba" Parker},
  title = {{FCMP++}},
  howpublished = {\url{https://github.com/kayabaNerve/fcmp-plus-plus-paper}},
  note = {Accessed: 2025-05-25}
}

@misc{SoundnessForDLP,
  author = {Alp Bassa},
  title = {{Soundness Proof for an Interactive Protocol for the Discrete Logarithm Relation}}
}



@article{Schnorr,
author = {Schnorr, C. P.},
title = {{Efficient Signature Generation by Smart Cards}},
year = {1991},
issue_date = {January   1991},
publisher = {Springer-Verlag},
address = {Berlin, Heidelberg},
volume = {4},
number = {3},
issn = {0933-2790},
url = {https://doi.org/10.1007/BF00196725},
doi = {10.1007/BF00196725},
journal = {J. Cryptol.},
month = jan,
pages = {161–174},
numpages = {14},
note={\url{https://doi.org/10.1007/BF00196725}}}

@InProceedings{FiatShamir,
author="Fiat, Amos
and Shamir, Adi",
editor="Odlyzko, Andrew M.",
title="{How To Prove Yourself: Practical Solutions to Identification and Signature Problems}",
booktitle="Advances in Cryptology --- CRYPTO' 86",
year="1987",
publisher="Springer Berlin Heidelberg",
address="Berlin, Heidelberg",
pages="186--194",
isbn="978-3-540-47721-1",
note={\url{https://doi.org/10.1007/3-540-47721-7_12}}
}

@misc{NHB,
      author = {Hieu Nguyen and Uyen Ho and Alex Biryukov},
      title = {{Fiat-Shamir in the Wild}},
      howpublished = {Cryptology {ePrint} Archive, Paper 2024/1565},
      year = {2024},
      note = {\url{https://eprint.iacr.org/2024/1565}}
}

@misc{Marvinblog,
  author = {Marvin Jones},
  title = {{Vac 101: Transforming an Interactive Protocol to a Noninteractive Argument}},
  howpublished = {\url{https://vac.dev/rlog/vac101-fiat-shamir/}},
  note = {Accessed: 2024-10-15}
}

@book{Hartshorne,
  title={{Algebraic Geometry}},
  author={Hartshorne, Robin},
  volume={52},
  year={2013},
  publisher={Springer Science \& Business Media}
}


@misc{BPW,
      author = {David Bernhard and Olivier Pereira and Bogdan Warinschi},
      title = {{How not to Prove Yourself: Pitfalls of the Fiat-Shamir Heuristic and Applications to Helios}},
      howpublished = {Cryptology {ePrint} Archive, Paper 2016/771},
      year = {2016},
      note = {\url{https://eprint.iacr.org/2016/771}}
}


@misc{DMWG,
      author = {Quang Dao and Jim Miller and Opal Wright and Paul Grubbs},
      title = {{Weak Fiat-Shamir Attacks on Modern Proof Systems}},
      howpublished = {Cryptology {ePrint} Archive, Paper 2023/691},
      year = {2023},
      note = {\url{https://eprint.iacr.org/2023/691}}
}


@misc{FH3,
  author = {Jim Miller},
  title = {{The Frozen Heart Vulnerability in Bulletproofs}},
  howpublished = {\url{https://blog.trailofbits.com/2022/04/15/the-frozen-heart-vulnerability-in-bulletproofs/}},
  note = {Accessed: 2024-10-15}
}


@misc{Bullet,
      author = {Benedikt Bünz and Jonathan Bootle and Dan Boneh and Andrew Poelstra and Pieter Wuille and Greg Maxwell},
      title = {{Bulletproofs: Short Proofs for Confidential Transactions and More}},
      howpublished = {Cryptology {ePrint} Archive, Paper 2017/1066},
      year = {2017},
      url = {https://eprint.iacr.org/2017/1066}
}

@InProceedings{ChaumPedersen,
author="Chaum, David
and Pedersen, Torben Pryds",
editor="Brickell, Ernest F.",
title="{Wallet Databases with Observers}",
booktitle="Advances in Cryptology --- CRYPTO' 92",
year="1993",
publisher="Springer Berlin Heidelberg",
address="Berlin, Heidelberg",
pages="89--105",
isbn="978-3-540-48071-6"
}


@InProceedings{Okamoto,
author="Okamoto, Tatsuaki",
editor="Brickell, Ernest F.",
title="{Provably Secure and Practical Identification Schemes and Corresponding Signature Schemes}",
booktitle="Advances in Cryptology --- CRYPTO' 92",
year="1993",
publisher="Springer Berlin Heidelberg",
address="Berlin, Heidelberg",
pages="31--53",
isbn="978-3-540-48071-6"
}

@book{Silverman,
  title={{The Arithmetic of Elliptic Curves}},
  author={Silverman, Joseph H},
  volume={106},
  year={2009},
  publisher={Springer}
}

@misc{LelantusSpark,
      author = {Aram Jivanyan and Aaron Feickert},
      title = {{Lelantus Spark: Secure and Flexible Private Transactions}},
      howpublished = {Cryptology {ePrint} Archive, Paper 2021/1173},
      year = {2021},
      doi = {10.1007/978-3-031-32415-4_28},
      url = {https://eprint.iacr.org/2021/1173}
}

@misc{Salvium,
  title = {{Salvium}},
  howpublished = {\url{https://salvium.io/}},
  note = {Accessed: 2025-06-03},
  author={Salvium Protocol}
}

@misc{PlausibleAttack,
      author = {Elizabeth Crites and Alistair Stewart},
      title = {{A Plausible Attack on the Adaptive Security of Threshold Schnorr Signatures}},
      howpublished = {Cryptology {ePrint} Archive, Paper 2025/1001},
      year = {2025},
      url = {https://eprint.iacr.org/2025/1001}
}

@misc{eVRF,
      author = {Dan Boneh and Iftach Haitner and Yehuda Lindell and Gil Segev},
      title = {{Exponent-VRFs and Their Applications}},
      howpublished = {Cryptology {ePrint} Archive, Paper 2024/397},
      year = {2024},
      url = {https://eprint.iacr.org/2024/397}
}

@misc{HammR,
      author = {Felice Manganiello and Freeman Slaughter},
      title = {{HammR: A ZKP Protocol for Fixed Hamming-Weight Restricted-Entry Vectors}},
      howpublished = {Cryptology {ePrint} Archive, Paper 2025/475},
      year = {2025},
      url = {https://eprint.iacr.org/2025/475}
}


@misc{FCMP,
  title = {{Full-Chain Membership Proofs Development}},
  howpublished = {\url{https://www.getmonero.org/2024/04/27/fcmps.html}},
  author={Luke ``Kayaba" Parker},
  note = {Accessed: 2025-06-11}
}













